%
% BibTex Database
% ===========================================================================
% This is part of the document "Project documentation template".
% Authors: brd3
%

@online{ibmIotF:home,
  title = {{IBM Internet of Things Foundation}},
  url = {https://internetofthings.ibmcloud.com},
  note = {Accessed: 2015-11-02}
}

@online{ibmIotF:payload,
  title = {{Message Payload — IBM IOT Foundation 1.0 documentation}},
  url = {https://docs.internetofthings.ibmcloud.com/messaging/payload.html},
  note = {Accessed: 2015-11-02}
}


@online{tinkerf:mqtt,
  title = {{Brick MQTT Proxy – Tinkerforge}},
  url = {http://www.tinkerforge.com/en/doc/Software/Brick_MQTT_Proxy.html},
  note = {Accessed: 2015-11-02}
}

